=LDR  02378 as a2200685 a 4500
=001  013358875
=003  Uk
=005  20170307092933.0
=006  m\\\\\\\\d\\\\\\\\
=007  cr\un\\\\\\\\\
=008  050614c19709999nyumr\pss\\\\\0\\\\0eng\d
=FMT  \\$a  SE
=040  \\$aOCLCS$cOCLCS$dUk
=042  \\$aukblsr
=050  \4$aTP1101$b.P57
=082  04$a668.4
=130  0\$aPolymer news (Online)
=245  10$aPolymer news$h[electronic resource].
=260  \\$aNew York :$bGordon and Breach
=310  \\$aMonthly,$b<2001->
=321  \\$aBimonthly$b<, Aug. 1977- >
=321  \\$aMonthly,$b1970-
=321  \\$aMonthly,$b<, May 1983- >
=336  \\$atext$2rdacontent
=337  \\$acomputer$2rdamedia
=338  \\$aonline resource$2rdacarrier
=362  1\$aPrint began with v. 1 in Dec. 1970.
=500  \\$aVols. for <Oct. 2003-> published: Philadelphia, PA : Taylor & Francis Inc.
=500  \\$aDescription based on print version record.
=530  \\$aAlso issued in print.
=538  \\$aMode of access: World Wide Web.
=540  \\$aBritish Library not licensed to copy$c0$5Uk
=650  \0$aPlastics$vPeriodicals.
=650  \0$aPolymers$vPeriodicals.
=650  \0$aPolymerization$vPeriodicals.
=776  1\$tPolymer news$x0032-3918
=945  \\$aPOLYMER NEWS.
=959  \\$fCurrently received
=CAT  \\$a11281$b40$c20051213$lBLL01$h0913
=CAT  \\$a11281$b40$c20051213$lBLL01$h0914
=CAT  \\$c20051230$lBLL01$h2023
=CAT  \\$c20051230$lBLL01$h2150
=CAT  \\$c20051230$lBLL01$h2331
=CAT  \\$aBATCH-UPD$b00$c20101201$lBLL01$h1250
=CAT  \\$aIPL-CLA$c20101231$lBLL01$h1517
=CAT  \\$aBATCH-UPD$b00$c20110907$lBLL01$h1827
=CAT  \\$aIPL-CLA$c20110908$lBLL01$h1742
=CAT  \\$aBATCH-CLA$b00$c20121109$lBLL01$h1728
=CAT  \\$aWR13.005$c20130323$lBLL01$h1336
=CAT  \\$a5552$b40$c20170307$lBLL01$h0929
=CFI  0\$aBritish Library not licensed to copy$c0$e07-sep-2011$hC$iTX$5Uk
=CFI  2\$aPrevious copyright fee: GBP10.50$c0$e01-jan-2011$fGBP10.50$g0$hA$5Uk
=EST  \\$a1
=FIN  \\$aY$d20051213
=MNI  \\$a0032-3918
=SID  \\$aZ39$bOCLC
=TCO  \\$aTRS$bCCC$c008
=ACF  \\$aPrevious Copyright Fee: GBP18.00$c0$e01-jan-2006$fGBP18.00$g0$hC$5Uk
=ACF  \\$aPrevious Copyright Fee: GBP18.00$c0$e01-oct-2005$fGBP18.00$g0$hC$5Uk
=LAS  \\$a5552$b40$c20170307$lBLL01$h0929

