=LDR  02596 as a2200673 a 4500
=001  013363264
=003  Uk
=005  20061128120752.0
=006  m\\\\\\\\d\\\\\\\\
=007  cr\cnu\\\\\\\\
=008  001213d19742004nyumx1pss\\\\\0\\\a0eng\c
=FMT  \\$a  SE
=010  \\$a00213129
=022  0\$a1532-2440$y0094-5714
=037  \\$bMarcel Dekker, Inc., P.O. Box 5017, Monticello, NY 12701-5176
=040  \\$aNSD$cNSD$dOCLCQ$dNSD$dOCLCQ$dF#A$dCOU$dOCLCQ$dTXA$dUk
=042  \\$ansdp$aukblsr
=050  14$aQD156$b.S9
=082  10$a541.39$222
=130  0\$aSynthesis and reactivity in inorganic and metal-organic chemistry (Online)
=222  \0$aSynthesis and reactivity in inorganic and metal-organic chemistry$b(Online)
=245  10$aSynthesis and reactivity in inorganic and metal-organic chemistry$h[electronic resource].
=260  \\$aNew York, NY :$bMarcel Dekker,$c-c2004.
=310  \\$aTen no. a year
=336  \\$atext$2rdacontent
=337  \\$acomputer$2rdamedia
=338  \\$aonline resource$2rdacarrier
=362  1\$aPrint began with: Vol. 4 (1974).
=362  0\$a-Vol. 34, no. 10 (2004).
=500  \\$aDescription based on: Vol. 31, no. 1 (2001); title from issue table of contents (MetaPress, viewed Oct. 6, 2005).
=530  \\$aAlso issued in print.
=538  \\$aMode of access: World Wide Web.
=650  \0$aInorganic compounds$xSynthesis$vPeriodicals.
=650  \0$aOrganic compounds$xSynthesis$vPeriodicals.
=650  \0$aOrganometallic compounds$xSynthesis$vPeriodicals.
=650  \0$aReactivity (Chemistry)$vPeriodicals.
=650  \2$aOrganometallic Compounds$xchemistry.
=650  \2$aSynthesis.
=776  1\$tSynthesis and reactivity in inorganic and metal-organic chemistry$x0094-5714
=785  00$aSynthesis and reactivity in inorganic, metal-organic, and nano-metal chemistry (Online)$x1553-3182
=CAT  \\$a7332$b40$c20051216$lBLL01$h1313
=CAT  \\$a7332$b40$c20051216$lBLL01$h1315
=CAT  \\$c20051230$lBLL01$h2023
=CAT  \\$c20051230$lBLL01$h2150
=CAT  \\$c20051230$lBLL01$h2331
=CAT  \\$a5552$b40$c20060815$lBLL01$h1636
=CAT  \\$aBATCH-UPD$b40$c20060901$lBLL01$h1000
=CAT  \\$aBATCH-UPD$b40$c20060901$lBLL01$h1031
=CAT  \\$aBATCH-UPD$b40$c20061122$lBLL01$h1106
=CAT  \\$a3072$b40$c20061122$lBLL01$h1417
=CAT  \\$a3072$b40$c20061122$lBLL01$h1441
=CAT  \\$a8180$b40$c20061128$lBLL01$h1207
=EST  \\$a1
=FIN  \\$aY$d20051216
=MNI  \\$a0094-5714
=SID  \\$aZ39$bOCLC
=TCO  \\$aTRS$bCCC$c008
=TOC  \\$aETOC
=LAS  \\$a8180$b40$c20061128$lBLL01$h1207

