=LDR  01118cam a22003978i 4500
=001  020035698
=003  Uk
=005  20220413082446.0
=006  m\\\\\\\\d\\\\\\\\
=007  cr\|||||||||||
=008  201007s2021\\\\enk\\\\\\\\\\\000|f|eng|d
=FMT  \\$a  BK
=015  \\$aGBC0J4075$2bnb
=016  7\$a020035698$2Uk
=020  \\$a9781913851026 (pbk.) :$c£9.99
=040  \\$aStDuBDS$beng$cStDuBDS$erda
=082  04$a823.92$223
=100  1\$aWard, James$d1961-$eauthor.
=245  14$aThe Kramski case /$cJames Ward.
=250  \\$aSecond edition.
=263  \\$a202102
=264  \1$aWadhurst :$bCool Millennium,$c2021.
=300  \\$a1 volume.
=336  \\$atext$2rdacontent
=337  \\$aunmediated$2rdamedia
=338  \\$avolume$2rdacarrier
=490  0\$aTales of MI7 ;$v1
=538  \\$aMode of access: World Wide Web.
=655  \0$aSpy stories.
=959  \\$fCurrently received
=CAT  \\$aBATCH-CIPN$b00$c20201208$lBLL01$h1702
=CAT  \\$a15005$b40$c20220215$lBLL01$h1346
=CAT  \\$a12654$b40$c20220413$lBLL01$h0824
=EST  \\$a1
=TOC  \\$aETOC
=LAS  \\$a12654$b40$c20220413$lBLL01$h0824

