=LDR  00679 as a2200253 i 4500
=001  020088243
=003  Uk
=005  20210127100824.0
=006  m\\\\\\\\d\\\\\\\\
=007  cr\|||||||||||
=008  210127c\\\\9999\\\\\\p\s\\\\\0\\\a0eng\\
=FMT  \\$a  SE
=040  \\$aUk$beng$cUk$erda
=245  00$aLWW Total Access Collection
=264  \1$bWolters Kluwer Health$c[2020]
=336  \\$atext$2rdacontent
=337  \\$acomputer$2rdamedia
=338  \\$aonline resource$2rdacarrier
=538  \\$aMode of access: World Wide Web.
=959  \\$fCurrently received
=CAT  \\$a12654$b40$c20210127$lBLL01$h1008
=EST  \\$a1
=TOC  \\$aETOC
=LAS  \\$a12654$b40$c20210127$lBLL01$h1008

