=LDR  00707 as a2200265 i 4500
=001  019885149
=003  Uk
=005  20200818072928.0
=006  m\\\\\\\\d\\\\\\\\
=007  cr\|||||||||||
=008  200818c\\\\9999\\\\\\p\s\\\\\0\\\a0eng\\
=FMT  \\$a  SE
=040  \\$aUk$beng$cUk$erda
=245  00$aKnowledge Unlatched
=260  \\$a[Berlin]$c[2020]
=336  \\$atext$2rdacontent
=337  \\$acomputer$2rdamedia
=338  \\$aonline resource$2rdacarrier
=538  \\$aMode of access: World Wide Web.
=959  \\$fCurrently received
=CAT  \\$a12654$b40$c20200818$lBLL01$h0727
=CAT  \\$a12654$b40$c20200818$lBLL01$h0729
=EST  \\$a1
=TOC  \\$aETOC
=LAS  \\$a12654$b40$c20200818$lBLL01$h0729

