=LDR  00671 as a2200253 i 4500
=001  019885152
=003  Uk
=005  20200818073535.0
=006  m\\\\\\\\d\\\\\\\\
=007  cr\|||||||||||
=008  200818c\\\\9999\\\\\\p\s\\\\\0\\\a0eng\\
=FMT  \\$a  SE
=040  \\$aUk$beng$cUk$erda
=245  00$aKnowledge Unlatched:$bjournal collections.
=264  \1$aBerlin
=336  \\$atext$2rdacontent
=337  \\$acomputer$2rdamedia
=338  \\$aonline resource$2rdacarrier
=538  \\$aMode of access: World Wide Web.
=959  \\$fCurrently received
=CAT  \\$a12654$b40$c20200818$lBLL01$h0735
=EST  \\$a1
=TOC  \\$aETOC
=LAS  \\$a12654$b40$c20200818$lBLL01$h0735

