=LDR  02153cam a2200601 i 4500
=001  020268493
=003  Uk
=005  20231006112621.0
=006  m\\\\\\\\d\\\\\\\\
=007  cr\|||||||||||
=008  200904s2019\\\\mx\\\\\\\b\\\\000\0dspa\\
=FMT  \\$a  BK
=010  \\$a  2020391665
=020  \\$a9786074416633$q(paperback)
=020  \\$a607441663X$q(paperback)
=020  \\$z9786074415834 (series)
=035  \\$a(OCoLC)1235906137
=040  \\$aDLC$beng$cDLC$dIND$dOCLCO$dOCLCF$dCLU$dOCLCO$dCUY$erda
=042  \\$aukblcatcopy
=043  \\$an-mx---
=050  00$aD13$b.O313 2019
=050  00$aD13$b.O313 2019
=245  00$aObservar y enunciar :$bcategorías para el quehacer historiográfico contemporáneo /$cMiguel Ángel Guzmán López, Graciela Velázquez Delgado, Miguel Hernández Fuentes, Miguel Ángel Segundo Guzmán, coordinadores.
=250  \\$aPrimera edición.
=264  \1$aGuanajuato, Gto., México :$bUniversidad de Guanajuato,$c2019.
=300  \\$a205 pages ;$c22 cm
=336  \\$atext$btxt$2rdacontent
=337  \\$aunmediated$bn$2rdamedia
=338  \\$avolume$bnc$2rdacarrier
=490  1\$aColección historiografías ;$v4
=540  \\$aCurrent copyright fee: GBP$5Uk
=504  \\$aIncludes bibliographical references.
=650  \0$aHistoriography.
=651  \0$aMexico$xHistory.
=651  \6$aMexique$xHistoire.
=650  \7$aHistoriography.$2fast$0(OCoLC)fst00958221
=651  \7$aMexico.$2fast$0(OCoLC)fst01211700
=655  \7$aHistory.$2fast$0(OCoLC)fst01411628
=700  1\$aGuzmán López, Miguel Angel,$d1972-$eeditor.
=700  1\$aVelázquez Delgado, Graciela,$eeditor.
=700  1\$aHernández Fuentes, Miguel,$eeditor.
=700  1\$aSegundo Guzmán, Miguel Ángel,$eeditor.
=830  \0$aColección Historiografías ;$v4.
=959  \\$fCurrently received
=CAT  \\$a10904$b40$c20210721$lBLL01$h1212
=CAT  \\$aBATCH-UPD$b40$c20230315$lBLL01$h1025
=CAT  \\$a15066$b40$c20231006$lBLL01$h1126
=EST  \\$a1
=FIN  \\$aY$d20231006
=SID  \\$aZ39$bOCLC
=SRC  \\$aBLL02
=TOC  \\$aETOC
=LAS  \\$a15066$b40$c20231006$lBLL01$h1126

