=LDR  02491cam a2200601 i 4500
=001  019188555
=003  Uk
=005  20230925143311.0
=006  m\\\\\\\\d\\\\\\\\
=007  cr\|||||||||||
=008  190711s2018\\\\ag\ach\\\bc\\\000\0dspa\d
=FMT  \\$a  BK
=020  \\$a9789874652034
=020  \\$a9874652039
=035  \\$a(OCoLC)1107882707
=040  \\$aJPG$beng$cJPG$dOCLCF$dUKTTE$dOCLCO$dOCLCQ$dOCLCO$erda
=042  \\$aukblcatcopy
=043  \\$as-ag---
=050  \4$aN6639.S35$bA4 2018
=080  \\$aSCHILI
=245  00$aAhora voy a brillar :$bOmar Schiliro /$ccuraduría, Cristina Schiavi y Paola Vega ; textos, Cristina Schiavi [and three others].
=246  30$aOmar Schiliro
=264  \1$aBuenos Aires :$bFundacion Amalia Lacroze de Fortabat,$c2018.
=300  \\$a127 pages :$billustrations (chiefly color), facsimiles, portraits ;$c24 cm
=336  \\$astill image$bsti$2rdacontent
=336  \\$atext$btxt$2rdacontent
=337  \\$aunmediated$bn$2rdamedia
=338  \\$avolume$bnc$2rdacarrier
=538  \\$aMode of access: World Wide Web.
=500  \\$aExhibition catalog.
=500  \\$a"Ahora voy a brillar: Omar Schiliro. Colección de Arte Amalia Lacroze de Fortabat. Del 5 de abril al 10 de junio de 2018. Buenos Aires, Argentina"-- Verso title page.
=504  \\$aIncludes bibliographical references.
=600  10$aSchiliro, Omar,$d1962-1994$vExhibitions.
=655  \7$aExhibition catalogs.$2fast$0(OCoLC)fst01424028
=700  1\$aSchiavi, Cristina,$d1954-$eorganizer,$ewriter of supplementary textual content.
=700  1\$aVega, Paola,$eorganizer,$ewriter of supplementary textual content.
=700  12$aSchiliro, Omar,$d1962-1994.$tWorks.$kSelections.
=710  2\$aColección de Arte Amalia Lacroze de Fortabat,$ehost institution.
=710  2\$a4undación "Alfredo Fortabat y Amalia Lacroze de Fortabat",$epssuing body.
=883  0\$aLanguage codes assigned by Bayesian analysis of words present in record$d20201028$qUk$c0.9010
=959  \\$fCurrently received
=985  \\$aUpgraded by BSS-generated file for WR2011-1472
=BUF  2\$aY2$d20190502
=CAT  \\$a10904$b40$c20181220$lBLL01$h1204
=CAT  \\$a10904$b40$c20190502$lBLL01$h0755
=CAT  \\$aW2011-1472$b00$c20201127$lBLL01$h1857
=CAT  \\$a15066$b40$c20230607$lBLL01$h1231
=CAT  \\$a12654$b40$c20230925$lBLL01$h1433
=EST  \\$a1
=FIN  \\$aY$d20230607
=SID  \\$aZ39$bOCLC
=TOC  \\$aETOC
=LAS  \\$a12654$b40$c20230925$lBLL01$h1433

