=LDR  00689 as a2200253 i 4500
=001  019398251
=003  Uk
=005  20190510113846.0
=006  m\\\\\\\\d\\\\\\\\
=007  cr\|||||||||||
=008  190510c\\\\9999\\\\\\p\s\\\\\0\\\a0eng\\
=FMT  \\$a  SE
=040  \\$aUk$beng$cUk$erda
=245  00$aSAE International Technical papers
=336  \\$atext$2rdacontent
=337  \\$acomputer$2rdamedia
=338  \\$aonline resource$2rdacarrier
=538  \\$aMode of access: World Wide Web.
=959  \\$fCurrently received
=CAT  \\$a12654$b40$c20190510$lBLL01$h1108
=CAT  \\$a12654$b40$c20190510$lBLL01$h1138
=EST  \\$a1
=TOC  \\$aETOC
=LAS  \\$a12654$b40$c20190510$lBLL01$h1138

