=LDR  00811 as a2200277 i 4500
=001  019398272
=003  Uk
=005  20200204121518.0
=006  m\\\\\\\\d\\\\\\\\
=007  cr\|||||||||||
=008  190510c\\\\9999\\\\\\p\s\\\\\0\\\a0eng\\
=FMT  \\$a  SE
=040  \\$aUk$beng$cUk$erda
=245  00$aSAE Technical Papers 1906-2017 ARCHIVE-BACKFILE
=336  \\$atext$2rdacontent
=337  \\$acomputer$2rdamedia
=338  \\$aonline resource$2rdacarrier
=538  \\$aMode of access: World Wide Web.
=959  \\$fHeld but not currently received
=CAT  \\$a12654$b40$c20190510$lBLL01$h1139
=CAT  \\$a12654$b40$c20190510$lBLL01$h1143
=CAT  \\$a12654$b40$c20190510$lBLL01$h1148
=CAT  \\$a8411$b40$c20200204$lBLL01$h1215
=EST  \\$a1
=TOC  \\$aETOC
=LAS  \\$a8411$b40$c20200204$lBLL01$h1215

