=LDR  00609 as a2200229 i 4500
=001  019413244
=003  Uk
=005  20190522121441.0
=006  m\\\\\\\\d\\\\\\\\
=007  cr\|||||||||||
=008  190522c\\\\9999\\\\\\p\s\\\\\0\\\a0eng\\
=FMT  \\$a  SE
=040  \\$aUk$beng$cUk$erda
=245  00$aTaylor and Francis article pass tokens
=336  \\$atext$2rdacontent
=337  \\$acomputer$2rdamedia
=338  \\$aonline resource$2rdacarrier
=538  \\$aMode of access: World Wide Web.
=CAT  \\$a12654$b40$c20190522$lBLL01$h1214
=EST  \\$a1
=TOC  \\$aETOC
=LAS  \\$a12654$b40$c20190522$lBLL01$h1214

