=LDR  00601 as a2200229 i 4500
=001  019420072
=003  Uk
=005  20190529094828.0
=006  m\\\\\\\\d\\\\\\\\
=007  cr\|||||||||||
=008  190529c\\\\9999\\\\\\p\s\\\\\0\\\a0eng\\
=FMT  \\$a  SE
=040  \\$aUk$beng$cUk$erda
=245  00$aElsevier article choice tokens
=336  \\$atext$2rdacontent
=337  \\$acomputer$2rdamedia
=338  \\$aonline resource$2rdacarrier
=538  \\$aMode of access: World Wide Web.
=CAT  \\$a12654$b40$c20190529$lBLL01$h0948
=EST  \\$a1
=TOC  \\$aETOC
=LAS  \\$a12654$b40$c20190529$lBLL01$h0948

