=LDR  00635 as a2200241 i 4500
=001  019506615
=003  Uk
=005  20190815092928.0
=006  m\\\\\\\\d\\\\\\\\
=007  cr\|||||||||||
=008  190815c\\\\9999\\\\\\p\s\\\\\0\\\a0eng\\
=FMT  \\$a  SE
=040  \\$aUk$beng$cUk$erda
=245  00$aOriprobe China/Asia On demand
=336  \\$atext$2rdacontent
=337  \\$acomputer$2rdamedia
=338  \\$aonline resource$2rdacarrier
=538  \\$aMode of access: World Wide Web.
=959  \\$fCurrently received
=CAT  \\$a12654$b40$c20190815$lBLL01$h0929
=EST  \\$a1
=TOC  \\$aETOC
=LAS  \\$a12654$b40$c20190815$lBLL01$h0929

