=LDR  00645 as a2200241 i 4500
=001  019699092
=003  Uk
=005  20200204140453.0
=006  m\\\\\\\\d\\\\\\\\
=007  cr\|||||||||||
=008  200204c\\\\9999\\\\\\p\s\\\\\0\\\a0eng\\
=FMT  \\$a  SE
=040  \\$aUk$beng$cUk$erda
=245  00$aElsevier The Lancet archive -Backfile
=336  \\$atext$2rdacontent
=337  \\$acomputer$2rdamedia
=338  \\$aonline resource$2rdacarrier
=538  \\$aMode of access: World Wide Web.
=959  \\$fCurrently received
=CAT  \\$a12654$b40$c20200204$lBLL01$h1404
=EST  \\$a1
=TOC  \\$aETOC
=LAS  \\$a12654$b40$c20200204$lBLL01$h1404

