=LDR  01548cas a22004337i 4500
=001  020582283
=003  Uk
=005  20220622085308.0
=006  m\\\\\\\\d\|\\\\\\
=007  cr\|||||||||||
=008  191112c\\\\9999\\\\\\\\o\\\\\0\\\a0eng\\
=FMT  \\$a  SE
=022  \\$a2773-2118
=040  \\$aUk$beng$cUk$erda
=082  04$a616.07$223
=245  00$aInternational journal of histopathological interpretation
=264  \1$aMumbai$bWolters Kluwer - Medknow publications$c[2015]
=336  \\$atext$2rdacontent
=337  \\$acomputer$2rdamedia
=338  \\$aonline resource$2rdacarrier
=540  \\$aBritish Library not licensed to copy$c0$5Uk
=945  \\$aInternational journal of histopathological interpretation
=979  \\$aBritish Library$bDSC$j4542.281400N
=CAT  \\$a8055$b40$c20220511$lBLL01$h1125
=CAT  \\$a8055$b40$c20220511$lBLL01$h1128
=CAT  \\$a8055$b40$c20220511$lBLL01$h1137
=CAT  \\$a8055$b40$c20220511$lBLL01$h1207
=CAT  \\$a8055$b40$c20220511$lBLL01$h1209
=CAT  \\$a8055$b40$c20220511$lBLL01$h1210
=CAT  \\$aBLDSS-3PM$b00$c20220517$lBLL01$h0937
=CAT  \\$aBATCH-UPD$b00$c20220517$lBLL01$h0948
=CAT  \\$a5410$b40$c20220526$lBLL01$h0759
=CAT  \\$a12654$b40$c20220615$lBLL01$h0841
=CAT  \\$aDEL-3PM$c20220622$lBLL01$h0853
=CFI  0\$aBritish Library not licensed to copy$c0$e15-jun-2022$hC$iTX$5Uk
=CFI  2\$aPrevious copyright fee: GBP11.11$c111\0$e11-may-2022$fGBP11.11$g0$hP$5Uk
=EST  \\$a1
=TOC  \\$aETOC
=LAS  \\$aDEL-3PM$b00$c20220622$lBLL01$h0853

