=LDR  01409 aa a22004097i 4500
=001  016563869
=003  Uk
=005  20131210120023.0
=006  m\\\\||\\d\|\\\\\\
=007  cr\|||||||||||
=008  131210s2008\\\\xxu\\\\\o\\\\|1|0\0|eng\\
=FMT  \\$a  BK
=040  \\$aUk$beng$cUk$erda
=CNF  \\$aIn vitro biology (World congress)$d(2008 Jun :$cTucson, AZ)
=245  00$aWorld congress on in vitro biology.
=264  \1$aBoston :$bSpringer, US,$c2008
=300  \\$a1 online resource (pages 1-85)
=336  \\$atext$2rdacontent
=337  \\$acomputer$2rdamedia
=338  \\$aonline resource$2rdacarrier
=490  0\$aIn vitro cellular and developmental biology animal,$x1071-2690 ,$vvol 44 iss 1 suppl 1 2008
=591  \\$aAbstracts.
=595  \\$aESTAR title.
=653  1\$aIn vitro biology
=653  1\$aSIVB
=710  2\$aSociety for In Vitro Biology.
=945  \\$aIn vitro cellular and developmental biology animal, ISSN 1071-2690 ; vol 44 iss 1 suppl 1 2008
=CAT  \\$a6162$b40$c20131210$lBLL01$h1200
=CAT  \\$aBATCH-CLA$c20140226$lBLL01$h2047
=CAT  \\$aBATCH-CLA$c20140226$lBLL01$h2058
=CAT  \\$aBATCH-CLA$c20140226$lBLL01$h2059
=CAT  \\$aBATCH-CLA$c20140226$lBLL01$h2103
=CAT  \\$aW1607-1323$c20160726$lBLL01$h1340
=CAT  \\$aW1607-1323$c20160810$lBLL01$h1441
=EST  \\$a1
=FIN  \\$aY$d20131210
=LAS  \\$aW1607-1323$b00$c20160810$lBLL01$h1441

